@misc{stuart2016artificial,
  title={Artificial Intelligence-A Modern Approach 3rd Ed},
  author={Stuart, Russell and Peter, Norvig},
  year={2016},
  publisher={Berkeley}
}
@article{rokach2005top,
	title={Top-down induction of decision trees classifiers-a survey},
	author={Rokach, Lior and Maimon, Oded},
	journal={IEEE Transactions on Systems, Man, and Cybernetics, Part C (Applications and Reviews)},
	volume={35},
	number={4},
	pages={476--487},
	year={2005},
	publisher={IEEE}
}